@booklet {kompendium,
	title = {{ETSA01 VT 2015 Examples and Excercises in the Software Engineering Process.}},
	publisher = "Institutionen f√∂r datavetenskap",
	address = "LTH, Lund",
	pages = "7--12",
	year = "2015"
}

@misc {course-site,
	title = {{ETSA01 project guidelines}},
	howpublished = {\url{http://cs.lth.se/etsa01/projekt-2015/}},
	note = "Accessed: 2015-04-16"
}